@misc{ZIM_ZETTER,
	author = {{Zim Zetter}},
	howpublished = {\url{http://www.wired.com/threatlevel/2008/08/revealed-the-in/}},
	note = {Last visit: Febrary 2012},
	title = {Revealed: The Internet's biggest security hole}
}

@misc{YOUTUBE_HIJACKING,
	howpublished = {\url{http://www.ripe.net/internet-coordination/news/industry-developments/youtube-hijacking-a- ripe-ncc-ris-case-study}},
	month = mar,
	title = {Youtube hijacking: A ripe ncc ris case study},
	year = {2008}
}

@mastersthesis{PROYECTO_PACO,
	author = {Francisco Huertas Ferrer},
	institution = {Universidad Compluntense de Madrid},
	month = sep,
	school = {Facultad de Inform{\'a}tica},
	title = {Estudio y simulaci{\'o}n de redes Border Gateway Protocol},
	year = {2010}
}

@misc{JSIM1,
	howpublished = {\url{http://j-sim.cs.uiuc.edu/}},
	note = {Last Visit: Febrary 2012},
	title = {Offical J-Sim Web Page}
}

@misc{JSIM2,
	howpublished = {\url{https://sites.google.com/site/jsimofficial/}},
	note = {Last Visit: Febrary 2012},
	title = {Website of J-Sim developers}
}

